\addcontentsline{toc}{section}{References} %\label{sec:references}
\begin{thebibliography}{90}

\bibitem{brown12}
  Robert Brown, 
  \emph{Introduction to random signals and applied Kalman filtering :  with MATLAB exercises},
  John Wiley \& Sons Inc., 
  Hoboken, 
  NJ, 
  4th edition, 
  2012

\bibitem{chen14}
  Chi-Tsong Chen,
  \emph{Linear System Theory and Design},
  Oxford University Press,
  4th edition,
  2014
  
\bibitem{assignment}
  Kristoffer Gryte et al.,
  \emph{Boat lab assignment},
  Department of Engineering Cybernetics,
  NTNU,
  Version 1.8,
  2016

\bibitem{kalman_lecture}
  Pedersen M.D,
  \emph{The Kalman Filter},
  Lecture presented at; 2017; Norwegian University of Science and Technology   
  
\bibitem{phase_margin}
    How to find phase angle from transfer function,
    \emph{https://electronics.stackexchange.com/
    questions/269008/how-to-find-phase-angle-from-transfer-function},
    03.11.2017
    
\bibitem{figure_making}
    Ipe extensible drawing editor,
    downloaded at:
    \emph{https://sourceforge.net/projects/ipe7/}
    for making figures,
    10.11.2017
    
\bibitem{pwelch}
    \emph{https://se.mathworks.com/help/signal/ref/pwelch.html}
    for information about the pwelch function in Matlab. 
    
\end{thebibliography}